<record><leader>00000cas a22000007a 4500</leader><controlfield tag="001">13863110</controlfield><controlfield tag="008">860712d18821882iauwr ne      0    0eng d</controlfield><controlfield tag="009">5087</controlfield><datafield ind1=" " ind2=" " tag="010"><subfield code="a">sn 86060116 </subfield></datafield><datafield ind1=" " ind2=" " tag="040"><subfield code="a">INP</subfield><subfield code="b">eng</subfield><subfield code="c">INP</subfield></datafield><datafield ind1="1" ind2=" " tag="029"><subfield code="a">AU@</subfield><subfield code="b">000025808867</subfield></datafield><datafield ind1=" " ind2=" " tag="042"><subfield code="a">msc</subfield></datafield><datafield ind1="0" ind2=" " tag="130"><subfield code="a">Herald (Eldora, Iowa : 1882)</subfield></datafield><datafield ind1="0" ind2="4" tag="245"><subfield code="a">The herald.</subfield></datafield><datafield ind1=" " ind2=" " tag="260"><subfield code="a">Eldora, Hardin County, Iowa :</subfield><subfield code="b">Herald Co.,</subfield><subfield code="c">1882.</subfield></datafield><datafield ind1=" " ind2=" " tag="300"><subfield code="a">1 v. :</subfield><subfield code="b">ill.</subfield></datafield><datafield ind1=" " ind2=" " tag="310"><subfield code="a">Weekly</subfield></datafield><datafield ind1="0" ind2=" " tag="362"><subfield code="a">New ser., Vol. 1, no. 1 (June 1, 1882)-new ser., v. 1, no. 13 (Aug. 24, 1882).</subfield></datafield><datafield ind1=" " ind2=" " tag="500"><subfield code="a">Official paper of Hardin County.</subfield></datafield><datafield ind1=" " ind2=" " tag="500"><subfield code="a">Editor: J.E. Duncan.</subfield></datafield><datafield ind1=" " ind2=" " tag="752"><subfield code="a">United States</subfield><subfield code="b">Iowa</subfield><subfield code="c">Hardin</subfield><subfield code="d">Eldora.</subfield></datafield><datafield ind1="0" ind2="0" tag="780"><subfield code="t">Eldora herald (Eldora, Iowa : 1874)</subfield><subfield code="w">(DLC)sn 84038141</subfield></datafield><datafield ind1="0" ind2="0" tag="785"><subfield code="t">Eldora herald (Eldora, Iowa : 1882)</subfield><subfield code="w">(DLC)sn 86060117</subfield></datafield></record>